% Encoding: UTF-8


@misc{RN08,
  author       = {Ingo Lütkebohle},
  title        = {{BWorld Robot Control Software}},
  howpublished = {http://aiweb.techfak.uni-bielefeld.de/content/bworld-robot-control-software/},
  year         = {2008},
  note         = {[Online; accessed 19-July-2008]}
}

@book{周志华machine,
  title     = {机器学习},
  author    = {周志华},
  year      = {2016},
  publisher = {清华大学出版社}
}

@article{zeiler2012adadelta,
  title   = {Adadelta: an adaptive learning rate method},
  author  = {Zeiler, Matthew D},
  journal = {arXiv preprint arXiv:1212.5701},
  year    = {2012}
}
@book{nielsen2015neural,
  title     = {Neural networks and deep learning},
  author    = {Nielsen, Michael A},
  volume    = {25},
  year      = {2015},
  publisher = {Determination press San Francisco, CA, USA}
}

@article{yang2022image,
  title   = {Image Data Augmentation for Deep Learning: A Survey},
  author  = {Yang, Suorong and Xiao, Weikang and Zhang, Mengcheng and Guo, Suhan and Zhao, Jian and Shen, Furao},
  journal = {arXiv preprint arXiv:2204.08610},
  year    = {2022}
}

@article{shorten2019survey,
  title     = {A survey on image data augmentation for deep learning},
  author    = {Shorten, Connor and Khoshgoftaar, Taghi M},
  journal   = {Journal of big data},
  volume    = {6},
  number    = {1},
  pages     = {1--48},
  year      = {2019},
  publisher = {Springer}
}


@article{ruder2016overview,
  title   = {An overview of gradient descent optimization algorithms},
  author  = {Ruder, Sebastian},
  journal = {arXiv preprint arXiv:1609.04747},
  year    = {2016}
}

@article{zhang2021dive,
  title   = {Dive into deep learning},
  author  = {Zhang, Aston and Lipton, Zachary C and Li, Mu and Smola, Alexander J},
  journal = {arXiv preprint arXiv:2106.11342},
  year    = {2021}
}
%两个3*3卷积核代替5*5卷积核
@inproceedings{szegedy2016rethinking,
  title     = {Rethinking the inception architecture for computer vision},
  author    = {Szegedy, Christian and Vanhoucke, Vincent and Ioffe, Sergey and Shlens, Jon and Wojna, Zbigniew},
  booktitle = {Proceedings of the IEEE conference on computer vision and pattern recognition},
  pages     = {2818--2826},
  year      = {2016}
}

@inproceedings{he2017mask,
  title     = {Mask r-cnn},
  author    = {He, Kaiming and Gkioxari, Georgia and Doll{\'a}r, Piotr and Girshick, Ross},
  booktitle = {Proceedings of the IEEE international conference on computer vision},
  pages     = {2961--2969},
  year      = {2017}
}


@book{goodfellow2016deep,
  title     = {Deep learning},
  author    = {Goodfellow, Ian and Bengio, Yoshua and Courville, Aaron},
  year      = {2016},
  publisher = {MIT press}
}
@inproceedings{huang2020unet,
  title        = {Unet 3+: A full-scale connected unet for medical image segmentation},
  author       = {Huang, Huimin and Lin, Lanfen and Tong, Ruofeng and Hu, Hongjie and Zhang, Qiaowei and Iwamoto, Yutaro and Han, Xianhua and Chen, Yen-Wei and Wu, Jian},
  booktitle    = {ICASSP 2020-2020 IEEE International Conference on Acoustics, Speech and Signal Processing (ICASSP)},
  pages        = {1055--1059},
  year         = {2020},
  organization = {IEEE}
}

@article{ren2015faster,
  title   = {Faster r-cnn: Towards real-time object detection with region proposal networks},
  author  = {Ren, Shaoqing and He, Kaiming and Girshick, Ross and Sun, Jian},
  journal = {Advances in neural information processing systems},
  volume  = {28},
  year    = {2015}
}
%Segnet
@article{badrinarayanan2017segnet,
  title     = {Segnet: A deep convolutional encoder-decoder architecture for image segmentation},
  author    = {Badrinarayanan, Vijay and Kendall, Alex and Cipolla, Roberto},
  journal   = {IEEE transactions on pattern analysis and machine intelligence},
  volume    = {39},
  number    = {12},
  pages     = {2481--2495},
  year      = {2017},
  publisher = {IEEE}
}
%unpooling
@inproceedings{zeiler2014visualizing,
  title        = {Visualizing and understanding convolutional networks},
  author       = {Zeiler, Matthew D and Fergus, Rob},
  booktitle    = {European conference on computer vision},
  pages        = {818--833},
  year         = {2014},
  organization = {Springer}
}
@inproceedings{noh2015learning,
  title     = {Learning deconvolution network for semantic segmentation},
  author    = {Noh, Hyeonwoo and Hong, Seunghoon and Han, Bohyung},
  booktitle = {Proceedings of the IEEE international conference on computer vision},
  pages     = {1520--1528},
  year      = {2015}
}

%图像分割综述
@article{minaee2021image,
  title     = {Image segmentation using deep learning: A survey},
  author    = {Minaee, Shervin and Boykov, Yuri Y and Porikli, Fatih and Plaza, Antonio J and Kehtarnavaz, Nasser and Terzopoulos, Demetri},
  journal   = {IEEE transactions on pattern analysis and machine intelligence},
  year      = {2021},
  publisher = {IEEE}
}


%小样本学习综述
@article{lu2020learning,
  title   = {Learning from very few samples: A survey},
  author  = {Lu, Jiang and Gong, Pinghua and Ye, Jieping and Zhang, Changshui},
  journal = {arXiv preprint arXiv:2009.02653},
  year    = {2020}
}


%特定理论分割方法
@article{yang2014ore,
  title   = {Ore particle image region segmentation based on multilevel strategy},
  author  = {Yang, G-q and Wang, H-g and Xu, W-l and Li, P and Wang, Z},
  journal = {Chin. J. Anal. Lab},
  volume  = {35},
  number  = {24},
  pages   = {202--204},
  year    = {2014}
}
%分水岭法
@article{zhang2011segmentation,
  title     = {Segmentation algorithm of complex ore images based on templates transformation and reconstruction},
  author    = {Zhang, Guo-ying and Liu, Guan-zhou and Zhu, Hong},
  journal   = {International Journal of Minerals, Metallurgy, and Materials},
  volume    = {18},
  number    = {4},
  pages     = {385--389},
  year      = {2011},
  publisher = {Springer}
}
%阈值分割
@article{zhang2010ore,
  title     = {Ore image thresholding using bi-neighbourhood Otsu's approach},
  author    = {Zhang, GY and Liu, GZ and Zhu, Hong and Qiu, B},
  journal   = {Electronics letters},
  volume    = {46},
  number    = {25},
  pages     = {1666--1668},
  year      = {2010},
  publisher = {IET}
}
@article{graves2014neural,
  title   = {Neural turing machines},
  author  = {Graves, Alex and Wayne, Greg and Danihelka, Ivo},
  journal = {arXiv preprint arXiv:1410.5401},
  year    = {2014}
}

@inproceedings{wang2018low,
  title     = {Low-shot learning from imaginary data},
  author    = {Wang, Yu-Xiong and Girshick, Ross and Hebert, Martial and Hariharan, Bharath},
  booktitle = {Proceedings of the IEEE conference on computer vision and pattern recognition},
  pages     = {7278--7286},
  year      = {2018}
}

@inproceedings{fe2003bayesian,
  title        = {A Bayesian approach to unsupervised one-shot learning of object categories},
  author       = {Fe-Fei, Li and others},
  booktitle    = {proceedings ninth IEEE international conference on computer vision},
  pages        = {1134--1141},
  year         = {2003},
  organization = {IEEE}
}
@article{fu2018recent,
  title     = {Recent advances in zero-shot recognition: Toward data-efficient understanding of visual content},
  author    = {Fu, Yanwei and Xiang, Tao and Jiang, Yu-Gang and Xue, Xiangyang and Sigal, Leonid and Gong, Shaogang},
  journal   = {IEEE Signal Processing Magazine},
  volume    = {35},
  number    = {1},
  pages     = {112--125},
  year      = {2018},
  publisher = {IEEE}
}
@inproceedings{kirillov2019panoptic,
  title     = {Panoptic segmentation},
  author    = {Kirillov, Alexander and He, Kaiming and Girshick, Ross and Rother, Carsten and Doll{\'a}r, Piotr},
  booktitle = {Proceedings of the IEEE/CVF Conference on Computer Vision and Pattern Recognition},
  pages     = {9404--9413},
  year      = {2019}
}
@inproceedings{milletari2016v,
  title        = {V-net: Fully convolutional neural networks for volumetric medical image segmentation},
  author       = {Milletari, Fausto and Navab, Nassir and Ahmadi, Seyed-Ahmad},
  booktitle    = {2016 fourth international conference on 3D vision (3DV)},
  pages        = {565--571},
  year         = {2016},
  organization = {IEEE}
}
@article{krizhevsky2012imagenet,
  title   = {Imagenet classification with deep convolutional neural networks},
  author  = {Krizhevsky, Alex and Sutskever, Ilya and Hinton, Geoffrey E},
  journal = {Advances in neural information processing systems},
  volume  = {25},
  year    = {2012}
}

@article{lecun1989handwritten,
  title   = {Handwritten digit recognition with a back-propagation network},
  author  = {LeCun, Yann and Boser, Bernhard and Denker, John and Henderson, Donnie and Howard, Richard and Hubbard, Wayne and Jackel, Lawrence},
  journal = {Advances in neural information processing systems},
  volume  = {2},
  year    = {1989}
}

%度量学习
@inproceedings{ioffe2015batch,
  title        = {Batch normalization: Accelerating deep network training by reducing internal covariate shift},
  author       = {Ioffe, Sergey and Szegedy, Christian},
  booktitle    = {International conference on machine learning},
  pages        = {448--456},
  year         = {2015},
  organization = {PMLR}
}

@inproceedings{tang2020onlineaugment,
  title        = {OnlineAugment: Online data augmentation with less domain knowledge},
  author       = {Tang, Zhiqiang and Gao, Yunhe and Karlinsky, Leonid and Sattigeri, Prasanna and Feris, Rogerio and Metaxas, Dimitris},
  booktitle    = {European Conference on Computer Vision},
  pages        = {313--329},
  year         = {2020},
  organization = {Springer}
}

@article{李新叶2020基于深度神经网络的少样本学习综述,
  title   = {基于深度神经网络的少样本学习综述},
  author  = {李新叶 and 龙慎鹏 and 朱婧},
  journal = {计算机应用研究},
  volume  = {37},
  number  = {8},
  pages   = {2241--2247},
  year    = {2020}
}
@article{shen2014recent,
  title   = {Recent advances on supervised distance metric learning algorithms},
  author  = {Shen, Y and Yan, Yan and Wang, H},
  journal = {Acta Automatica Sinica},
  volume  = {40},
  number  = {12},
  pages   = {2673--2686},
  year    = {2014}
}
@article{bellet2013survey,
  title   = {A survey on metric learning for feature vectors and structured data},
  author  = {Bellet, Aur{\'e}lien and Habrard, Amaury and Sebban, Marc},
  journal = {arXiv preprint arXiv:1306.6709},
  year    = {2013}
}

@inproceedings{santoro2016meta,
  title        = {Meta-learning with memory-augmented neural networks},
  author       = {Santoro, Adam and Bartunov, Sergey and Botvinick, Matthew and Wierstra, Daan and Lillicrap, Timothy},
  booktitle    = {International conference on machine learning},
  pages        = {1842--1850},
  year         = {2016},
  organization = {PMLR}
}

@inproceedings{he2016deep,
  title     = {Deep residual learning for image recognition},
  author    = {He, Kaiming and Zhang, Xiangyu and Ren, Shaoqing and Sun, Jian},
  booktitle = {Proceedings of the IEEE conference on computer vision and pattern recognition},
  pages     = {770--778},
  year      = {2016}
}
@article{zhang2018road,
  title     = {Road extraction by deep residual u-net},
  author    = {Zhang, Zhengxin and Liu, Qingjie and Wang, Yunhong},
  journal   = {IEEE Geoscience and Remote Sensing Letters},
  volume    = {15},
  number    = {5},
  pages     = {749--753},
  year      = {2018},
  publisher = {IEEE}
}
@inproceedings{munkhdalai2017meta,
  title        = {Meta networks},
  author       = {Munkhdalai, Tsendsuren and Yu, Hong},
  booktitle    = {International Conference on Machine Learning},
  pages        = {2554--2563},
  year         = {2017},
  organization = {PMLR}
}

@incollection{zhou2018unet++,
  title     = {Unet++: A nested u-net architecture for medical image segmentation},
  author    = {Zhou, Zongwei and Rahman Siddiquee, Md Mahfuzur and Tajbakhsh, Nima and Liang, Jianming},
  booktitle = {Deep learning in medical image analysis and multimodal learning for clinical decision support},
  pages     = {3--11},
  year      = {2018},
  publisher = {Springer}
}
@incollection{thrun1998learning,
  title     = {Learning to learn: Introduction and overview},
  author    = {Thrun, Sebastian and Pratt, Lorien},
  booktitle = {Learning to learn},
  pages     = {3--17},
  year      = {1998},
  publisher = {Springer}
}

@inproceedings{sung2018learning,
  title     = {Learning to compare: Relation network for few-shot learning},
  author    = {Sung, Flood and Yang, Yongxin and Zhang, Li and Xiang, Tao and Torr, Philip HS and Hospedales, Timothy M},
  booktitle = {Proceedings of the IEEE conference on computer vision and pattern recognition},
  pages     = {1199--1208},
  year      = {2018}
}

@inproceedings{cubuk2019autoaugment,
  title     = {Autoaugment: Learning augmentation strategies from data},
  author    = {Cubuk, Ekin D and Zoph, Barret and Mane, Dandelion and Vasudevan, Vijay and Le, Quoc V},
  booktitle = {Proceedings of the IEEE/CVF Conference on Computer Vision and Pattern Recognition},
  pages     = {113--123},
  year      = {2019}
}

@inproceedings{cubuk2020randaugment,
  title     = {Randaugment: Practical automated data augmentation with a reduced search space},
  author    = {Cubuk, Ekin D and Zoph, Barret and Shlens, Jonathon and Le, Quoc V},
  booktitle = {Proceedings of the IEEE/CVF Conference on Computer Vision and Pattern Recognition Workshops},
  pages     = {702--703},
  year      = {2020}
}

@inproceedings{muller2021trivialaugment,
  title     = {Trivialaugment: Tuning-free yet state-of-the-art data augmentation},
  author    = {M{\"u}ller, Samuel G and Hutter, Frank},
  booktitle = {Proceedings of the IEEE/CVF International Conference on Computer Vision},
  pages     = {774--782},
  year      = {2021}
}

@inproceedings{zhong2020random,
  title     = {Random erasing data augmentation},
  author    = {Zhong, Zhun and Zheng, Liang and Kang, Guoliang and Li, Shaozi and Yang, Yi},
  booktitle = {Proceedings of the AAAI conference on artificial intelligence},
  volume    = {34},
  number    = {07},
  pages     = {13001--13008},
  year      = {2020}
}

@article{zhang2017mixup,
  title   = {mixup: Beyond empirical risk minimization},
  author  = {Zhang, Hongyi and Cisse, Moustapha and Dauphin, Yann N and Lopez-Paz, David},
  journal = {arXiv preprint arXiv:1710.09412},
  year    = {2017}
}

@inproceedings{ronneberger2015u,
  title        = {U-net: Convolutional networks for biomedical image segmentation},
  author       = {Ronneberger, Olaf and Fischer, Philipp and Brox, Thomas},
  booktitle    = {International Conference on Medical image computing and computer-assisted intervention},
  pages        = {234--241},
  year         = {2015},
  organization = {Springer}
}
@article{Azulay2019WhyDD,
  title   = {Why do deep convolutional networks generalize so poorly to small image transformations?},
  author  = {Aharon Azulay and Yair Weiss},
  journal = {J. Mach. Learn. Res.},
  year    = {2019},
  volume  = {20},
  pages   = {184:1-184:25}
}

@inproceedings{long2015fully,
  title     = {Fully convolutional networks for semantic segmentation},
  author    = {Long, Jonathan and Shelhamer, Evan and Darrell, Trevor},
  booktitle = {Proceedings of the IEEE conference on computer vision and pattern recognition},
  pages     = {3431--3440},
  year      = {2015}
}

@inproceedings{koch2015siamese,
  title        = {Siamese neural networks for one-shot image recognition},
  author       = {Koch, Gregory and Zemel, Richard and Salakhutdinov, Ruslan and others},
  booktitle    = {ICML deep learning workshop},
  volume       = {2},
  pages        = {0},
  year         = {2015},
  organization = {Lille}
}

@article{vinyals2016matching,
  title   = {Matching networks for one shot learning},
  author  = {Vinyals, Oriol and Blundell, Charles and Lillicrap, Timothy and Wierstra, Daan and others},
  journal = {Advances in neural information processing systems},
  volume  = {29},
  year    = {2016}
}

@article{snell2017prototypical,
  title   = {Prototypical networks for few-shot learning},
  author  = {Snell, Jake and Swersky, Kevin and Zemel, Richard},
  journal = {Advances in neural information processing systems},
  volume  = {30},
  year    = {2017}
}

@article{赵凯琳2021小样本学习研究综述,
  title   = {小样本学习研究综述},
  author  = {赵凯琳 and 靳小龙 and 王元卓},
  journal = {Journal of Software},
  volume  = {32},
  number  = {2},
  year    = {2021}
}

@inproceedings{dataset,
  title = {Carvana Image Masking Challenge},
  url   = {https://www.kaggle.com/c/carvana-image-masking-challenge}
}

%不需要引用
@inproceedings{zhang2021self,
  title     = {Self-guided and cross-guided learning for few-shot segmentation},
  author    = {Zhang, Bingfeng and Xiao, Jimin and Qin, Terry},
  booktitle = {Proceedings of the IEEE/CVF Conference on Computer Vision and Pattern Recognition},
  pages     = {8312--8321},
  year      = {2021}
}

@inproceedings{li2021adaptive,
  title     = {Adaptive prototype learning and allocation for few-shot segmentation},
  author    = {Li, Gen and Jampani, Varun and Sevilla-Lara, Laura and Sun, Deqing and Kim, Jonghyun and Kim, Joongkyu},
  booktitle = {Proceedings of the IEEE/CVF Conference on Computer Vision and Pattern Recognition},
  pages     = {8334--8343},
  year      = {2021}
}